\documentclass{article}
\begin{document}

\title{Basic BibTex Program}
\author{Hepsibah}
\date{24/08/2024}
\maketitle

\section{citation}
This is a basic example of using BibTex to manage bibliographic references in laTex.
\section{citation}
Here is a citation using BibTex: 
\cite{abrahamsson2017agile},
	
	\section{references}
	\bibliographystyle{plain}
	\bibliography{ref1}
\end{document}