@article{abrahamsson2017agile,
	title={Agile software development methods: Review and analysis},
	author={Abrahamsson, Pekka and Salo, Outi and Ronkainen, Jussi and Warsta, Juhani},
	journal={arXiv preprint arXiv:1709.08439},
	year={2017}
}

@book{sommerville2011software,
	title={Software Engineering, 9/E},
	author={Sommerville, Ian},
	year={2011},
	publisher={Pearson Education India}
}

@book{braude2016software,
	title={Software engineering: modern approaches},
	author={Braude, Eric J and Bernstein, Michael E},
	year={2016},
	publisher={Waveland Press}
}


@book{aggarwal2005software,
	title={Software engineering},
	author={Aggarwal, KK},
	year={2005},
	publisher={New Age International}
}

@article{sawyer1998software,
	title={Software development: Processes and performance},
	author={Sawyer, Steve and Guinan, Patricia J.},
	journal={IBM systems journal},
	volume={37},
	number={4},
	pages={552--569},
	year={1998},
	publisher={IBM}
}

@article{Doe24,
	title={An example article},
author={John Doe},
journal={Journal of Examples},
year={2024}
}