@article{abrahamsson2017agile,
	title={Agile software development methods: Review and analysis},
	author={Abrahamsson, Pekka and Salo, Outi and Ronkainen, Jussi and Warsta, Juhani},
	journal={arXiv preprint arXiv:1709.08439},
	year={2017}
}
